@misc{ FlutterPage,
key = {FlutterPage},
  title = {Flutter Official Page},
  howpublished = {\url{https://flutter.dev/}},
}

@misc{ FlutterHAR,
key = {FlutterHAR},
  title = {flutter activity recognition package},
  howpublished = {\url{https://pub.dev/packages/flutter_activity_recognition}},
}

@misc{FlutterMap,
key = {FlutterMap},
  title = {flutter map package},
  howpublished = {\url{https://pub.dev/packages/flutter_map}},
}

@misc{React,
  key = {React},
  title = {React Official Page},
  howpublished = {\url{https://it.reactjs.org/}},
},

@misc{Leaflet,
  key = {Leaflet},
  title = {React Leaflet Official Page},
  howpublished = {\url{https://react-leaflet.js.org/}},
}

@misc{ Node,
  key = {Node},
  title = {Node.js Official Page},
  howpublished = {\url{https://nodejs.org/en/}},
}
