@misc{FlutterPage,
  title = {Flutter Official Page},
  howpublished = {\url{https://flutter.dev/}}
}

@misc{FlutterHAR,
  title = {flutter_activity_recognition package},
  howpublished = {\url{https://pub.dev/packages/flutter_activity_recognition}}
}

@misc{FlutterMap,
  title = {flutter_map package},
  howpublished = {\url{https://pub.dev/packages/flutter_map}}
}

@misc{React,
  title = {React Official Page},
  howpublished = {\url{https://it.reactjs.org/}}
},

@misc{Leaflet,
  title = {React Leaflet Official Page},
  howpublished = {\url{https://react-leaflet.js.org/}}
}

@misc{Node,
  title = {Node.js Official Page},
  howpublished = {\url{https://nodejs.org/en/}}
}
